<?xml version="1.0" encoding="UTF-8"?><Document xmlns="urn:iso:std:iso:20022:tech:xsd:camt.053.001.02">
    <BkToCstmrStmt>
        <GrpHdr>
            <MsgId>camt.053-2024-11-07-001</MsgId>
            <CreDtTm>2024-11-07T01:14:44</CreDtTm>
            <MsgRcpt>
                <Nm>SPOJENET IT s.r.o.</Nm>
                <PstlAdr>
                    <AdrLine>SPOJENET IT s.r.o.</AdrLine>
                    <AdrLine>Krakovská 583/9</AdrLine>
                    <AdrLine>Praha</AdrLine>
                    <AdrLine>11000</AdrLine>
                </PstlAdr>
                <Id>
                    <OrgId>
                        <Othr>
                            <Id>SPOJENET IT s.r.o.</Id>
                        </Othr>
                    </OrgId>
                </Id>
            </MsgRcpt>
            <AddtlInf>Denní</AddtlInf>
        </GrpHdr>
        <Stmt>
            <Id>CZ0000000000000000000000-2025-01-22</Id>
            <ElctrncSeqNb>22</ElctrncSeqNb>
            <LglSeqNb>22</LglSeqNb>
            <CreDtTm>2025-01-23T01:18:41</CreDtTm>
            <FrToDt>
                <FrDtTm>2025-01-22T00:00:00</FrDtTm>
                <ToDtTm>2025-01-22T23:59:59</ToDtTm>
            </FrToDt>
            <Acct>
                <Id>
                    <IBAN>CZ8755000000000630804003</IBAN>
                </Id>
                <Tp>
                    <Cd>CACC</Cd>
                </Tp>
                <Ccy>CZK</Ccy>
                <Nm>SPOJENET IT s.r.o.</Nm>
                <Ownr>
                    <Nm>SPOJENET IT s.r.o.</Nm>
                    <PstlAdr>
                        <AdrLine>SPOJENET IT s.r.o.</AdrLine>
                        <AdrLine>Krakovská 583/9</AdrLine>
                        <AdrLine>Praha</AdrLine>
                        <AdrLine>11000</AdrLine>
                    </PstlAdr>
                    <Id>
                        <OrgId>
                            <Othr>
                                <Id>SPOJENET IT s.r.o.</Id>
                            </Othr>
                        </OrgId>
                    </Id>
                </Ownr>
                <Svcr>
                    <FinInstnId>
                        <BIC>RZBCCZPP</BIC>
                        <Othr>
                            <Id>5500</Id>
                        </Othr>
                    </FinInstnId>
                </Svcr>
            </Acct>
            <Bal>
                <Tp>
                    <CdOrPrtry>
                        <Cd>PRCD</Cd>
                    </CdOrPrtry>
                </Tp>
                <Amt Ccy="CZK">403109.95</Amt>
                <CdtDbtInd>CRDT</CdtDbtInd>
                <Dt>
                    <Dt>2025-01-22</Dt>
                </Dt>
            </Bal>
            <Bal>
                <Tp>
                    <CdOrPrtry>
                        <Cd>OPAV</Cd>
                    </CdOrPrtry>
                </Tp>
                <Amt Ccy="CZK">0</Amt>
                <CdtDbtInd>CRDT</CdtDbtInd>
                <Dt>
                    <Dt>2025-01-22</Dt>
                </Dt>
            </Bal>
            <Bal>
                <Tp>
                    <CdOrPrtry>
                        <Cd>CLAV</Cd>
                    </CdOrPrtry>
                </Tp>
                <Amt Ccy="CZK">403109.95</Amt>
                <CdtDbtInd>CRDT</CdtDbtInd>
                <Dt>
                    <Dt>2025-01-22</Dt>
                </Dt>
            </Bal>
            <Bal>
                <Tp>
                    <CdOrPrtry>
                        <Cd>CLBD</Cd>
                    </CdOrPrtry>
                </Tp>
                <Amt Ccy="CZK">407931.95</Amt>
                <CdtDbtInd>CRDT</CdtDbtInd>
                <Dt>
                    <Dt>2025-01-22</Dt>
                </Dt>
            </Bal>
            <Bal>
                <Tp>
                    <CdOrPrtry>
                        <Cd>XPCD</Cd>
                    </CdOrPrtry>
                </Tp>
                <Amt Ccy="CZK">0</Amt>
                <CdtDbtInd>CRDT</CdtDbtInd>
                <Dt>
                    <Dt>2025-01-22</Dt>
                </Dt>
            </Bal>
            <Bal>
                <Tp>
                    <CdOrPrtry>
                        <Cd>CLAV</Cd>
                    </CdOrPrtry>
                </Tp>
                <Amt Ccy="CZK">407931.95</Amt>
                <CdtDbtInd>CRDT</CdtDbtInd>
                <Dt>
                    <Dt>2025-01-22</Dt>
                </Dt>
            </Bal>
            <TxsSummry>
                <TtlNtries>
                    <NbOfNtries>2</NbOfNtries>
                    <Sum>4836</Sum>
                    <TtlNetNtryAmt>4822</TtlNetNtryAmt>
                    <CdtDbtInd>CRDT</CdtDbtInd>
                </TtlNtries>
                <TtlCdtNtries>
                    <NbOfNtries>1</NbOfNtries>
                    <Sum>4829</Sum>
                </TtlCdtNtries>
                <TtlDbtNtries>
                    <NbOfNtries>1</NbOfNtries>
                    <Sum>7</Sum>
                </TtlDbtNtries>
            </TxsSummry>
            <Ntry>
                <NtryRef>7170839739</NtryRef>
                <Amt Ccy="CZK">4829</Amt>
                <CdtDbtInd>CRDT</CdtDbtInd>
                <Sts>BOOK</Sts>
                <BookgDt>
                    <DtTm>2025-01-22T11:54:12</DtTm>
                </BookgDt>
                <ValDt>
                    <DtTm>2025-01-22T11:54:12</DtTm>
                </ValDt>
                <BkTxCd>
                    <Prtry>
                        <Cd>10000107000</Cd>
                    </Prtry>
                </BkTxCd>
                <NtryDtls>
                    <TxDtls>
                        <Refs>
                            <MsgId>1</MsgId>
                            <AcctSvcrRef>7170839739</AcctSvcrRef>
                            <EndToEndId>240100045</EndToEndId>
                        </Refs>
                        <Chrgs>
                            <Amt Ccy="CZK">7</Amt>
                            <CdtDbtInd>DBIT</CdtDbtInd>
                        </Chrgs>
                        <RltdPties>
                            <DbtrAcct>
                                <Id>
                                    <Othr>
                                        <Id>131-3021140217</Id>
                                    </Othr>
                                </Id>
                                <Nm>SPOLEČENSTVÍ VLASTNÍ</Nm>
                            </DbtrAcct>
                        </RltdPties>
                        <RltdAgts>
                            <DbtrAgt>
                                <FinInstnId>
                                    <Othr>
                                        <Id>0100</Id>
                                    </Othr>
                                </FinInstnId>
                            </DbtrAgt>
                        </RltdAgts>
                        <RmtInf>
                            <Strd>
                                <CdtrRefInf>
                                    <Ref>VS:240100045</Ref>
                                </CdtrRefInf>
                            </Strd>
                        </RmtInf>
                        <AddtlTxInf>Test Entry</AddtlTxInf>
                    </TxDtls>
                </NtryDtls>
            </Ntry>
            <Ntry>
                <NtryRef>7170839749</NtryRef>
                <Amt Ccy="CZK">7</Amt>
                <CdtDbtInd>DBIT</CdtDbtInd>
                <Sts>BOOK</Sts>
                <BookgDt>
                    <DtTm>2025-01-22T11:54:12</DtTm>
                </BookgDt>
                <ValDt>
                    <DtTm>2025-01-22T11:54:12</DtTm>
                </ValDt>
                <BkTxCd>
                    <Prtry>
                        <Cd>40000104000</Cd>
                    </Prtry>
                </BkTxCd>
                <NtryDtls>
                    <TxDtls>
                        <Refs>
                            <MsgId>2</MsgId>
                            <AcctSvcrRef>7170839749</AcctSvcrRef>
                            <InstrId>898</InstrId>
                        </Refs>
                        <RmtInf>
                            <Strd>
                                <CdtrRefInf>
                                    <Ref>KS:898</Ref>
                                </CdtrRefInf>
                            </Strd>
                        </RmtInf>
                        <AddtlTxInf>Přích. TPS</AddtlTxInf>
                    </TxDtls>
                </NtryDtls>
            </Ntry>
        </Stmt>
    </BkToCstmrStmt>
</Document>